<?xml version="1.0" encoding="UTF-8"?><collection><record><leader>04093ntm a2200553 a 4500</leader><controlfield tag="001">002583104</controlfield><controlfield tag="003">MiAaHDL</controlfield><controlfield tag="005">20190719000000.0</controlfield><controlfield tag="006">m        d        </controlfield><controlfield tag="007">cr bn ---auaua</controlfield><controlfield tag="008">921209q18001899xx            00| | ara d</controlfield><datafield tag="035" ind1=" " ind2=" "><subfield code="a">(MiU)002583104</subfield></datafield><datafield tag="035" ind1=" " ind2=" "><subfield code="a">sdr-miu002583104</subfield></datafield><datafield tag="035" ind1=" " ind2=" "><subfield code="a">(RLIN)MIUH92-A53</subfield></datafield><datafield tag="040" ind1=" " ind2=" "><subfield code="a">MiU</subfield><subfield code="c">MiU</subfield><subfield code="e">appm</subfield></datafield><datafield tag="100" ind1="1" ind2=" "><subfield code="6">880-01</subfield><subfield code="a">ʻAṭṭār, Ḥasan ibn Muḥammad,</subfield><subfield code="d">1776?-1834 or 1835.</subfield></datafield><datafield tag="245" ind1="1" ind2="0"><subfield code="6">880-02</subfield><subfield code="a">Hādhā ḥāshiyat al-ustādh al-fāḍil al-shaykh al-ʻAṭṭār ʻalá sharḥ Ashkāl al-taʼsīs lil-Qāḍī Zādah fī al-handasah :</subfield><subfield code="k">manuscript,</subfield><subfield code="f">[19th century?].</subfield></datafield><datafield tag="260" ind1=" " ind2=" "><subfield code="c">[18--?]</subfield></datafield><datafield tag="300" ind1=" " ind2=" "><subfield code="a">1</subfield><subfield code="f">v. ([111] p. on 29 lvs.) :</subfield><subfield code="b">ill. ;</subfield><subfield code="c">24 cm</subfield></datafield><datafield tag="500" ind1=" " ind2=" "><subfield code="a">Watermark: Andrea Galvani of Pordenone, name spelled out in roman. Cf. Edward Heawood, Watermarks, Mainly of the 17th and 18th Centuries (Hilversum, 1950), p. 35 and no. 860.</subfield></datafield><datafield tag="500" ind1=" " ind2=" "><subfield code="a">Contains rough geometrical diagrams.</subfield></datafield><datafield tag="500" ind1=" " ind2=" "><subfield code="a">Egypt, where it remained unfinished for a long while until its completion was facilitated."</subfield></datafield><datafield tag="500" ind1=" " ind2=" "><subfield code="a">Text not rubricated, has overlinings in black; marginal corrections in hand of copyist; each kurrāsah numbered with notation: ʻAṭṭār/Ashkāl/K. [X]; colophon describes author's travels in compiling this work: "I compiled it during many travels, without stopping at what had already been written. I began to compose it in Cairo, Egypt, then traveled to Constantinople where I compiled some more, then I moved to Alexandria ...[?]... where I compiled even more. It was not completed until I returned to</subfield></datafield><datafield tag="500" ind1=" " ind2=" "><subfield code="a">Date of 19th cent. based on author's death date.</subfield></datafield><datafield tag="510" ind1="4" ind2=" "><subfield code="a">King, Survey,</subfield><subfield code="c">p. 119; cf. EI2, v. i, p. 755a.</subfield></datafield><datafield tag="520" ind1=" " ind2=" "><subfield code="a">"A short treatise on the commentary on the Ashkāl al-taʼsīs of Samarḳandī by Mūsá ibn Maḥmūd al-Rūmī Ḳāḍīzāda." Cataloging by Elinor M. Husselman, 1945.</subfield></datafield><datafield tag="538" ind1=" " ind2=" "><subfield code="a">Mode of access: Internet.</subfield></datafield><datafield tag="541" ind1=" " ind2=" "><subfield code="d">07/--/36</subfield><subfield code="3">Manuscript</subfield><subfield code="a">McGregor Fund</subfield><subfield code="c">Purchase, 1933/34</subfield><subfield code="h">20 p.t.</subfield></datafield><datafield tag="545" ind1="0" ind2=" "><subfield code="a">Egyptian scholar; teacher of Rifāʻah Rāfiʻ al-Ṭahṭāwī; supporter of Muḥammad ʻAlī and his reforms; died in office as head shaykh of al-Azhar mosque and its university.</subfield></datafield><datafield tag="561" ind1=" " ind2=" "><subfield code="a">Purchased in Cairo, 1933/34. Owner's mark: inside cover, manuscript notes in handwriting of Max Meyerhof.</subfield></datafield><datafield tag="600" ind1="1" ind2="0"><subfield code="6">880-04</subfield><subfield code="a">Qāḍī Zādah, Mūsá ibn Muḥammad,</subfield><subfield code="d">d. ca. 1436.</subfield><subfield code="t">Sharḥ ashkāl al-taʼsīs.</subfield></datafield><datafield tag="600" ind1="1" ind2="0"><subfield code="a">Qāḍīʹzādah, Mūsá ibn Muḥammad,</subfield><subfield code="d">-approximately 1436.</subfield><subfield code="t">Sharḥ ashkāl al-taʼsīs.</subfield></datafield><datafield tag="600" ind1="0" ind2="0"><subfield code="a">Euclid.</subfield><subfield code="t">Elements.</subfield></datafield><datafield tag="600" ind1="1" ind2="0"><subfield code="6">880-03</subfield><subfield code="a">Samarqandī, Muḥammad ibn Ashraf,</subfield><subfield code="d">active 13th century.</subfield><subfield code="t">Ashkāl al-taʼsīs.</subfield></datafield><datafield tag="650" ind1=" " ind2="0"><subfield code="a">Geometry</subfield><subfield code="v">Early works to 1800.</subfield></datafield><datafield tag="650" ind1=" " ind2="0"><subfield code="a">Mathematics, Arab</subfield><subfield code="v">Early works to 1800.</subfield></datafield><datafield tag="650" ind1=" " ind2="0"><subfield code="a">Manuscripts, Arabic</subfield><subfield code="z">Michigan</subfield><subfield code="z">Ann Arbor.</subfield></datafield><datafield tag="700" ind1="1" ind2=" "><subfield code="6">880-06</subfield><subfield code="a">Qāḍī Zādah, Mūsá ibn Muḥammad,</subfield><subfield code="d">d. ca. 1436.</subfield><subfield code="t">Sharḥ ashkāl al-taʼsīs.</subfield></datafield><datafield tag="700" ind1="1" ind2=" "><subfield code="a">Meyerhof, Max,</subfield><subfield code="d">1874-1945,</subfield><subfield code="e">former owner.</subfield></datafield><datafield tag="700" ind1="1" ind2=" "><subfield code="a">Qāḍīʹzādah, Mūsá ibn Muḥammad,</subfield><subfield code="d">-approximately 1436.</subfield><subfield code="t">Sharḥ ashkāl al-taʼsīs.</subfield></datafield><datafield tag="700" ind1="0" ind2=" "><subfield code="a">Euclid.</subfield><subfield code="t">Elements.</subfield></datafield><datafield tag="700" ind1="1" ind2=" "><subfield code="6">880-05</subfield><subfield code="a">Samarqandī, Muḥammad ibn Ashraf,</subfield><subfield code="d">active 13th century.</subfield><subfield code="t">Ashkāl al-taʼsīs.</subfield></datafield><datafield tag="773" ind1="0" ind2=" "><subfield code="a">Tracy W. McGregor Collection of Arabic, Persian, and Turkish Mathematical and Astronomical Manuscripts.</subfield><subfield code="7">unbc</subfield><subfield code="w">(CStRLIN)MIUH92-A20.</subfield></datafield><datafield tag="880" ind1="1" ind2=" "><subfield code="6">700-06/</subfield><subfield code="a">موسى بن محمد قاضي زاده.</subfield><subfield code="t">شرح أشكال التأسيس.</subfield></datafield><datafield tag="880" ind1="1" ind2=" "><subfield code="6">700-05/</subfield><subfield code="a">محمد بن أشرف السمرقندي.</subfield><subfield code="t">أشكال التأسيس.</subfield></datafield><datafield tag="880" ind1="1" ind2="0"><subfield code="6">600-04/</subfield><subfield code="a">موسى بن محمد قاضي زاده.</subfield><subfield code="t">شرح أشكال التأسيس.</subfield></datafield><datafield tag="880" ind1="1" ind2="0"><subfield code="6">600-03/</subfield><subfield code="a">محمد بن أشرف السمرقندي.</subfield><subfield code="t">أشكال التأسيس.</subfield></datafield><datafield tag="880" ind1="1" ind2="0"><subfield code="6">245-02/</subfield><subfield code="a">هذا حاشية الأستاذ الفاضل الشيخ العطار على شرح أشكال التأسيس للقاضي زاده في الهندسة :</subfield><subfield code="k">manuscript،</subfield><subfield code="f">[القرن 19م؟].</subfield></datafield><datafield tag="880" ind1="1" ind2=" "><subfield code="6">100-01/</subfield><subfield code="a">حسن بن محمد العطار.</subfield></datafield><datafield tag="CID" ind1=" " ind2=" "><subfield code="a">002583104</subfield></datafield><datafield tag="DAT" ind1="0" ind2=" "><subfield code="a">20190719102632.0</subfield><subfield code="b">20190719000000.0</subfield></datafield><datafield tag="DAT" ind1="1" ind2=" "><subfield code="a">20190719090653.0</subfield><subfield code="b">2019-07-19T16:10:33Z</subfield></datafield><datafield tag="DAT" ind1="2" ind2=" "><subfield code="a">2015-10-10T18:00:06Z</subfield><subfield code="b">2014-03-05T21:00:03Z</subfield></datafield><datafield tag="CAT" ind1=" " ind2=" "><subfield code="a">SDR-MIU</subfield><subfield code="d">EX LIBRIS - ALEPH</subfield><subfield code="l">prepare.pl-004-008</subfield></datafield><datafield tag="FMT" ind1=" " ind2=" "><subfield code="a">BK</subfield></datafield><datafield tag="HOL" ind1=" " ind2=" "><subfield code="0">sdr-miu002583104</subfield><subfield code="a">MiU</subfield><subfield code="b">SDR</subfield><subfield code="c">MIU</subfield><subfield code="p">mdp.39015081446901</subfield><subfield code="s">MIU</subfield><subfield code="1">002583104</subfield></datafield><datafield tag="974" ind1=" " ind2=" "><subfield code="b">MIU</subfield><subfield code="c">MIU</subfield><subfield code="d">20190719</subfield><subfield code="s">lit-dlps-dc</subfield><subfield code="u">mdp.39015081446901</subfield><subfield code="y">1899</subfield><subfield code="r">pd</subfield><subfield code="q">exp</subfield></datafield></record></collection>